<record><leader>00000cas a22000007a 4500</leader><controlfield tag="001">13685570</controlfield><controlfield tag="008">860604d1816181upauwr ne      0    0eng d</controlfield><datafield ind1=" " ind2=" " tag="010"><subfield code="a">sn 86053466 </subfield></datafield><datafield ind1=" " ind2=" " tag="040"><subfield code="a">NPX</subfield><subfield code="b">eng</subfield><subfield code="c">NPX</subfield><subfield code="d">NVF</subfield><subfield code="d">OCL</subfield><subfield code="d">OCLCQ</subfield></datafield><datafield ind1=" " ind2=" " tag="042"><subfield code="a">msc</subfield></datafield><datafield ind1=" " ind2=" " tag="043"><subfield code="a">n-us-pa</subfield></datafield><datafield ind1="0" ind2=" " tag="130"><subfield code="a">American star (Russellville, Pa.)</subfield></datafield><datafield ind1="1" ind2="4" tag="245"><subfield code="a">The American star.</subfield></datafield><datafield ind1=" " ind2=" " tag="260"><subfield code="a">Russelville [sic], Chester Co., Penn. :</subfield><subfield code="b">Nathan Blackman</subfield></datafield><datafield ind1=" " ind2=" " tag="300"><subfield code="a">v.</subfield></datafield><datafield ind1=" " ind2=" " tag="310"><subfield code="a">Weekly</subfield></datafield><datafield ind1="0" ind2=" " tag="362"><subfield code="a">; v. 1, no. 1 (July 7, 1817)-</subfield></datafield><datafield ind1="1" ind2=" " tag="362"><subfield code="a">Began in June 1816?</subfield><subfield code="z">Cf. Brigham, C.S. Amer. newspapers.</subfield></datafield><datafield ind1=" " ind2=" " tag="500"><subfield code="a">Imprint varies: Nathan Blackman, 1816-1817; Printed by Robert Love, 1817.</subfield></datafield><datafield ind1=" " ind2=" " tag="500"><subfield code="a">Last issue located: Vol. 1, no. 22 (Dec. 8, 1817). Cf. Brigham, C.S. Amer. newspapers.</subfield></datafield><datafield ind1=" " ind2=" " tag="500"><subfield code="a">"Democratic Republican," &lt;1817&gt;.</subfield></datafield><datafield ind1=" " ind2=" " tag="500"><subfield code="a">Editor: Nathan Blackman, 1816-1817.</subfield></datafield><datafield ind1="4" ind2=" " tag="510"><subfield code="a">Shaw &amp; Shoemaker</subfield><subfield code="c">36742</subfield></datafield><datafield ind1="4" ind2=" " tag="510"><subfield code="a">Brigham, C.S. Amer. newspapers,</subfield><subfield code="c">p. 972</subfield></datafield><datafield ind1=" " ind2=" " tag="580"><subfield code="a">Continues: Eden star. Cf. Sauer, E.M. "Chester Co. newspapers." Chester Co. Collections III (Jan. 1937): 91-95.</subfield></datafield><datafield ind1=" " ind2=" " tag="588"><subfield code="a">Description based on: Vol. 1, no. 14 (Sept. 16, 1816).</subfield></datafield><datafield ind1=" " ind2="0" tag="651"><subfield code="a">Russellville (Pa.)</subfield><subfield code="v">Newspapers.</subfield></datafield><datafield ind1="1" ind2=" " tag="700"><subfield code="a">Blackman, Nathan,</subfield><subfield code="d">1787-1821.</subfield></datafield><datafield ind1="1" ind2=" " tag="700"><subfield code="a">Love, Robert.</subfield></datafield><datafield ind1=" " ind2=" " tag="752"><subfield code="a">United States</subfield><subfield code="b">Pennsylvania</subfield><subfield code="c">Chester</subfield><subfield code="d">Russellville.</subfield></datafield><datafield ind1="1" ind2="0" tag="780"><subfield code="t">Eden star</subfield><subfield code="w">(DLC)sn 86053465</subfield></datafield><datafield ind1="1" ind2=" " tag="029"><subfield code="a">AU@</subfield><subfield code="b">000020127688</subfield></datafield></record>